@inproceedings{predicateac,
  title={Access control in decentralized online social networks: Applying 
    a policy-hiding cryptographic scheme and evaluating its performance},
  author={Bodriagov, Oleksandr and Kreitz, Gunnar and Buchegger, Sonja},
  booktitle={Pervasive Computing and Communications Workshops
    (PERCOM Workshops), 2014 IEEE International Conference on},
  pages={622--628},
  year={2014},
  organization={IEEE},
  URL={http://peerson.net/papers/sesocPredicateEncryption.pdf},
}

@incollection{anobe,
  title={Anonymous broadcast encryption: Adaptive security and efficient 
    constructions in the standard model},
  author={Libert, Beno{\^\i}t and Paterson, Kenneth G and Quaglia, Elizabeth 
    A},
  booktitle={Public Key Cryptography--PKC 2012},
  pages={206--224},
  year={2012},
  publisher={Springer},
  URL={http://eprint.iacr.org/2011/476},
}
